% use `texdoc biblatex` to get help

%%%%%%%%%%%%%%%%%%%%%%%%%%%%%%%%%%%%%%%%%%%%%%
%%%%%%%%%%%%%    参考文献    %%%%%%%%%%%%%%%%%%
%%%%%%%%%%%%%%%%%%%%%%%%%%%%%%%%%%%%%%%%%%%%%%
%%%%%%%%%%%%%%%%%%%%%%%%%%%%%%%%%%%%%%%%%%%%%%


@article{national2020nhtsa,
  title={NHTSA releases 2019 crash fatality data},
  author={National Highway Traffic Safety Administration and others},
  year={2020},
  url={}
}

@inproceedings{chao2019force,
  title={Force-based heterogeneous traffic simulation for autonomous vehicle testing},
  author={Chao, Qianwen and Jin, Xiaogang and Huang, Hen-Wei and Foong, Shaohui and Yu, Lap-Fai and Yeung, Sai-Kit},
  booktitle={2019 International Conference on Robotics and Automation (ICRA)},
  pages={8298--8304},
  year={2019},
  organization={IEEE}
}

@article{helbing2000simulating,
  title={Simulating dynamical features of escape panic},
  author={Helbing, Dirk and Farkas, Ill{\'e}s and Vicsek, Tamas},
  journal={Nature},
  volume={407},
  number={6803},
  pages={487--490},
  year={2000},
  publisher={Nature Publishing Group}
}

@article{kesting2007general,
  title={General lane-changing model MOBIL for car-following models},
  author={Kesting, Arne and Treiber, Martin and Helbing, Dirk},
  journal={Transportation Research Record},
  volume={1999},
  number={1},
  pages={86--94},
  year={2007},
  publisher={SAGE Publications Sage CA: Los Angeles, CA}
}

@article{chao2017realistic,
  title={Realistic data-driven traffic flow animation using texture synthesis},
  author={Chao, Qianwen and Deng, Zhigang and Ren, Jiaping and Ye, Qianqian and Jin, Xiaogang},
  journal={IEEE Transactions on Visualization and Computer Graphics},
  volume={24},
  number={2},
  pages={1167--1178},
  year={2017},
  publisher={IEEE}
}

@article{lighthill1955kinematic,
  title={On kinematic waves II. A theory of traffic flow on long crowded roads},
  author={Lighthill, Michael James and Whitham, Gerald Beresford},
  journal={Proceedings of the Royal Society of London. Series A. Mathematical and Physical Sciences},
  volume={229},
  number={1178},
  pages={317--345},
  year={1955},
  publisher={The Royal Society London}
}

@article{gazis1961nonlinear,
  title={Nonlinear follow-the-leader models of traffic flow},
  author={Gazis, Denos C and Herman, Robert and Rothery, Richard W},
  journal={Operations Research},
  volume={9},
  number={4},
  pages={545--567},
  year={1961},
  publisher={INFORMS}
}

@article{payne1971model,
  title={Model of freeway traffic and control},
  author={Payne, Harold J},
  journal={Mathematical Model of Public System},
  pages={51--61},
  year={1971}
}

@book{whitham1974linear,
  title={Linear and nonlinear waves},
  author={Whitham, Gerald Beresford},
  year={1974},
  publisher={John Wiley \& Sons}
}

@article{daganzo1994cell,
  title={The cell transmission model: A dynamic representation of highway traffic consistent with the hydrodynamic theory},
  author={Daganzo, Carlos F},
  journal={Transportation Research Part B: Methodological},
  volume={28},
  number={4},
  pages={269--287},
  year={1994},
  publisher={Elsevier}
}

@article{aw2000resurrection,
  title={Resurrection of ``second order" models of traffic flow},
  author={Aw, AATM and Rascle, Michel},
  journal={SIAM Journal on Applied Mathematics},
  volume={60},
  number={3},
  pages={916--938},
  year={2000},
  publisher={SIAM}
}

@article{zhang2002non,
  title={A non-equilibrium traffic model devoid of gas-like behavior},
  author={Zhang, H Michael},
  journal={Transportation Research Part B: Methodological},
  volume={36},
  number={3},
  pages={275--290},
  year={2002},
  publisher={Elsevier}
}

@article{sewall2010continuum,
  title={Continuum traffic simulation},
  author={Sewall, Jason and Wilkie, David and Merrell, Paul and Lin, Ming C},
  journal={Computer Graphics Forum},
  volume={29},
  number={2},
  pages={439--448},
  year={2010},
  organization={Wiley Online Library}
}

@article{jacyna2017visum,
  title={Modelling of bicycle traffic in the cities using VISUM},
  author={Jacyna, Marianna and Wasiak, Mariusz and K{\l}odawski, Micha{\l} and Go{\l}{\k{e}}biowski, Piotr},
  journal={Procedia Engineering},
  volume={187},
  pages={435--441},
  year={2017},
  publisher={Elsevier}
}

@techreport{smith1995transims,
  title={TRANSIMS: Transportation analysis and simulation system},
  author={Smith, Laron and Beckman, Richard and Baggerly, Keith},
  year={1995},
  institution={Los Alamos National Lab.(LANL), Los Alamos, NM (United States)}
}

@article{barcelo2005aimsun,
  title={Dynamic network simulation with AIMSUN},
  author={Barcel{\'o}, Jaime and Casas, Jordi},
  journal={Simulation approaches in transportation analysis: Recent advances and challenges},
  pages={57--98},
  year={2005},
  publisher={Springer}
}

@article{teklu2007signals,
  title={A genetic algorithm approach for optimizing traffic control signals considering routing},
  author={Teklu, Fitsum and Sumalee, Agachai and Watling, David},
  journal={Computer-Aided Civil and Infrastructure Engineering},
  volume={22},
  number={1},
  pages={31--43},
  year={2007},
  publisher={Wiley Online Library}
}

@article{saifuzzaman2014incorporating,
  title={Incorporating human-factors in car-following models: a review of recent developments and research needs},
  author={Saifuzzaman, Mohammad and Zheng, Zuduo},
  journal={Transportation Research Part C: Emerging Technologies},
  volume={48},
  pages={379--403},
  year={2014},
  publisher={Elsevier}
}

@article{chao2020survey,
  title={A survey on visual traffic simulation: Models, evaluations, and applications in autonomous driving},
  author={Chao, Qianwen and Bi, Huikun and Li, Weizi and Mao, Tianlu and Wang, Zhaoqi and Lin, Ming C and Deng, Zhigang},
  journal={Computer Graphics Forum},
  volume={39},
  number={1},
  pages={287--308},
  year={2020},
  organization={Wiley Online Library}
}

@article{nagel1992cellular,
  title={A cellular automaton model for freeway traffic},
  author={Nagel, Kai and Schreckenberg, Michael},
  journal={Journal de Physique I},
  volume={2},
  number={12},
  pages={2221--2229},
  year={1992},
  publisher={EDP Sciences}
}

@article{knospe2004empirical,
  title={Empirical test for cellular automaton models of traffic flow},
  author={Knospe, Wolfgang and Santen, Ludger and Schadschneider, Andreas and Schreckenberg, Michael},
  journal={Physical Review E},
  volume={70},
  number={1},
  pages={016115},
  year={2004},
  publisher={APS}
}

@article{pipes1953operational,
  title={An operational analysis of traffic dynamics},
  author={Pipes, Louis A},
  journal={Journal of Applied Physics},
  volume={24},
  number={3},
  pages={274--281},
  year={1953},
  publisher={American Institute of Physics}
}

@article{herman1963vehicular,
  title={Vehicular traffic flow},
  author={Herman, Robert and Gardels, Keith},
  journal={Scientific American},
  volume={209},
  number={6},
  pages={35--43},
  year={1963},
  publisher={JSTOR}
}

@article{gipps1981behavioural,
  title={A behavioural car-following model for computer simulation},
  author={Gipps, Peter G},
  journal={Transportation Research Part B: Methodological},
  volume={15},
  number={2},
  pages={105--111},
  year={1981},
  publisher={Elsevier}
}

@article{bando1995dynamical,
  title={Dynamical model of traffic congestion and numerical simulation},
  author={Bando, Masako and Hasebe, Katsuya and Nakayama, Akihiro and Shibata, Akihiro and Sugiyama, Yuki},
  journal={Physical Review E},
  volume={51},
  number={2},
  pages={1035},
  year={1995},
  publisher={APS}
}

@article{treiber2000congested-idm,
  title={Congested traffic states in empirical observations and microscopic simulations},
  author={Treiber, Martin and Hennecke, Ansgar and Helbing, Dirk},
  journal={Physical Review E},
  volume={62},
  number={2},
  pages={1805},
  year={2000},
  publisher={APS}
}

@article{yang1996mitsim,
  title={A microscopic traffic simulator for evaluation of dynamic traffic management systems},
  author={Yang, QI and Koutsopoulos, Haris N},
  journal={Transportation Research Part C: Emerging Technologies},
  volume={4},
  number={3},
  pages={113--129},
  year={1996},
  publisher={Elsevier}
}

@article{shen2012detailed,
  title={Detailed traffic animation for urban road networks},
  author={Shen, Jingjing and Jin, Xiaogang},
  journal={Graphical Models},
  volume={74},
  number={5},
  pages={265--282},
  year={2012},
  publisher={Elsevier}
}

@article{treiber2003memory,
  title={Memory effects in microscopic traffic models and wide scattering in flow-density data},
  author={Treiber, Martin and Helbing, Dirk},
  journal={Physical Review E},
  volume={68},
  number={4},
  pages={046119},
  year={2003},
  publisher={APS}
}

@article{son2022differentiable,
  title={Differentiable Hybrid Traffic Simulation},
  author={Son, Sanghyun and Qiao, Yi-Ling and Sewall, Jason and Lin, Ming C},
  journal={ACM Transactions on Graphics (TOG)},
  volume={41},
  number={6},
  pages={1--10},
  year={2022},
  publisher={ACM New York, NY, USA}
}



@inproceedings{krajzewicz2002sumo,
  title={SUMO (Simulation of Urban MObility)-an open-source traffic simulation},
  author={Krajzewicz, Daniel and Hertkorn, Georg and R{\"o}ssel, Christian and Wagner, Peter},
  booktitle={Proceedings of the 4th Middle East Symposium on Simulation and Modelling (MESM20002)},
  pages={183--187},
  year={2002}
}

@inproceedings{fellendorf1994vissim,
  title={VISSIM: A microscopic simulation tool to evaluate actuated signal control including bus priority},
  author={Fellendorf, Martin},
  booktitle={64th Institute of Transportation Engineers Annual Meeting},
  volume={32},
  pages={1--9},
  year={1994},
  organization={Springer}
}

@inproceedings{adnan2016simmobility,
  title={Simmobility: A multi-scale integrated agent-based simulation platform},
  author={Adnan, Muhammad and Pereira, Francisco C and Azevedo, Carlos Miguel Lima and Basak, Kakali and Lovric, Milan and Raveau, Sebasti{\'a}n and Zhu, Yi and Ferreira, Joseph and Zegras, Christopher and Ben-Akiva, Moshe},
  booktitle={95th Annual Meeting of the Transportation Research Board Forthcoming in Transportation Research Record},
  year={2016}
}

@inproceedings{dosovitskiy2017carla,
  title={CARLA: An open urban driving simulator},
  author={Dosovitskiy, Alexey and Ros, German and Codevilla, Felipe and Lopez, Antonio and Koltun, Vladlen},
  booktitle={Conference on Robot Learning},
  pages={1--16},
  year={2017},
  organization={PMLR}
}

@article{chao2015vehicle,
  title={Vehicle--pedestrian interaction for mixed traffic simulation},
  author={Chao, Qianwen and Deng, Zhigang and Jin, Xiaogang},
  journal={Computer Animation and Virtual Worlds},
  volume={26},
  number={3-4},
  pages={405--412},
  year={2015},
  publisher={Wiley Online Library}
}

@article{ning2017destination,
  title={Destination and route choice models for bidirectional pedestrian flow based on the social force model},
  author={Ning-bo, Cao and Zhao-wei, Qu and Yong-heng, Chen and Li-ying, Zhao and Xian-min, Song and Qiao-wen, Bai},
  journal={IET Intelligent Transport Systems},
  volume={11},
  number={9},
  pages={537--545},
  year={2017},
  publisher={Wiley Online Library}
}

@article{qu2017modeling,
  title={Modeling electric bike--car mixed flow via social force model},
  author={Qu, Zhao-wei and Cao, Ning-bo and Chen, Yong-heng and Zhao, Li-ying and Bai, Qiao-wen and Luo, Rui-qi},
  journal={Advances in Mechanical Engineering},
  volume={9},
  number={9},
  pages={1687814017719641},
  year={2017},
  publisher={SAGE Publications Sage UK: London, England}
}

@techreport{cunto2007microlevel,
  title={Microlevel traffic simulation method for assessing crash potential at intersections},
  author={Cunto, Flavio Jose Craveiro and Saccomanno, Frank F},
  year={2007}
}

@inproceedings{2015An,
  title={An urban traffic simulation system based on multi-agent modeling},
  author={Han, Zhi and Zhang, Kun and Yin, Hongpeng and Zhu, Yong},
  booktitle={The 27th Chinese Control and Decision Conference (2015 CCDC)},
  pages={6378--6383},
  year={2015},
  organization={IEEE}
}

@article{ningbo2017simulation,
  title={Simulation of pedestrian crossing behaviors at unmarked roadways based on social force model},
  author={Ningbo, Cao and Wei, Wei and Zhaowei, Qu and Liying, Zhao and Qiaowen, Bai},
  journal={Discrete Dynamics in Nature and Society},
  volume={2017},
  pages={1--15},
  year={2017},
  publisher={Hindawi}
}

@inproceedings{campari2004cellular,
  title={Cellular automata and roundabout traffic simulation},
  author={Campari, Enrico G and Levi, Giuseppe and Maniezzo, Vittorio},
  booktitle={Cellular Automata: 6th International Conference on Cellular Automata for Research and Industry, ACRI 2004, Amsterdam, The Netherlands, October 25-28, 2004. Proceedings 6},
  pages={202--210},
  year={2004},
  organization={Springer}
}

@article{chen2019modelling,
  title={Modelling adolescent pedestrian crossing decision at unmarked roadway},
  author={Chen, Peng and Xie, Jingmin and Yu, Jingliu},
  journal={International Journal of Safety and Security Engineering},
  volume={9},
  number={4},
  pages={305--315},
  year={2019},
  publisher={WIT Press}
}

@article{wang2018shadow,
  title={Shadow traffic: A unified model for abnormal traffic behavior simulation},
  author={Wang, Hua and Xu, Mingliang and Zhu, Fubao and Deng, Zhigang and Li, Yafei and Zhou, Bing},
  journal={Computers \& Graphics},
  volume={70},
  pages={235--241},
  year={2018},
  publisher={Elsevier}
}


@inproceedings{shen2011agent,
  title={Agent-based traffic simulation and traffic signal timing optimization with GPU},
  author={Shen, Zhen and Wang, Kai and Zhu, Fenghua},
  booktitle={2011 14th International IEEE Conference on Intelligent Transportation Systems (ITSC)},
  pages={145--150},
  year={2011},
  organization={IEEE}
}

@article{mckenney2013distributed,
  title={Distributed and adaptive traffic signal control within a realistic traffic simulation},
  author={McKenney, Dave and White, Tony},
  journal={Engineering Applications of Artificial Intelligence},
  volume={26},
  number={1},
  pages={574--583},
  year={2013},
  publisher={Elsevier}
}

@article{quaassdorff2016microscale,
  title={Microscale traffic simulation and emission estimation in a heavily trafficked roundabout in Madrid (Spain)},
  author={Quaassdorff, Christina and Borge, Rafael and P{\'e}rez, Javier and Lumbreras, Julio and de la Paz, David and de Andr{\'e}s, Juan Manuel},
  journal={Science of the Total Environment},
  volume={566},
  pages={416--427},
  year={2016},
  publisher={Elsevier}
}

@inproceedings{cai2020summit,
  title={Summit: A simulator for urban driving in massive mixed traffic},
  author={Cai, Panpan and Lee, Yiyuan and Luo, Yuanfu and Hsu, David},
  booktitle={2020 IEEE International Conference on Robotics and Automation (ICRA)},
  pages={4023--4029},
  year={2020},
  organization={IEEE}
}

@article{anvari2015modelling,
  title={Modelling shared space users via rule-based social force model},
  author={Anvari, Bani and Bell, Michael GH and Sivakumar, Aruna and Ochieng, Washington Y},
  journal={Transportation Research Part C: Emerging Technologies},
  volume={51},
  pages={83--103},
  year={2015},
  publisher={Elsevier}
}

@article{chen2019assessing,
  title={Assessing the influence of adverse weather on traffic flow characteristics using a driving simulator and VISSIM},
  author={Chen, Chen and Zhao, Xiaohua and Liu, Hao and Ren, Guichao and Zhang, Yunlong and Liu, Xiaoming},
  journal={Sustainability},
  volume={11},
  number={3},
  pages={830},
  year={2019},
  publisher={MDPI}
}

@article{sewall2010virtualized,
  title={Virtualized traffic: Reconstructing traffic flows from discrete spatiotemporal data},
  author={Sewall, Jason and Van Den Berg, Jur and Lin, Ming and Manocha, Dinesh},
  journal={IEEE Transactions on Visualization and Computer Graphics},
  volume={17},
  number={1},
  pages={26--37},
  year={2010},
  publisher={IEEE}
}

@article{wilkie2013flow,
  title={Flow reconstruction for data-driven traffic animation},
  author={Wilkie, David and Sewall, Jason and Lin, Ming},
  journal={ACM Transactions on Graphics (TOG)},
  volume={32},
  number={4},
  pages={1--10},
  year={2013},
  publisher={ACM New York, NY, USA}
}

@article{li2017city,
  title={City-scale traffic animation using statistical learning and metamodel-based optimization},
  author={Li, Weizi and Wolinski, David and Lin, Ming C},
  journal={ACM Transactions on Graphics (TOG)},
  volume={36},
  number={6},
  pages={1--12},
  year={2017},
  publisher={ACM New York, NY, USA}
}

@article{bi2019deep,
  title={A deep learning-based framework for intersectional traffic simulation and editing},
  author={Bi, Huikun and Mao, Tianlu and Wang, Zhaoqi and Deng, Zhigang},
  journal={IEEE Transactions on Visualization and Computer Graphics},
  volume={26},
  number={7},
  pages={2335--2348},
  year={2019},
  publisher={IEEE}
}

@article{chao2013video,
  title={Video-based personalized traffic learning},
  author={Chao, Qianwen and Shen, Jingjing and Jin, Xiaogang},
  journal={Graphical Models},
  volume={75},
  number={6},
  pages={305--317},
  year={2013},
  publisher={Elsevier}
}

@article{chao2021calibrated,
  title={A calibrated force-based model for mixed traffic simulation},
  author={Chao, Qianwen and Liu, Pengfei and Han, Yi and Lin, Yingying and Li, Chaoneng and Miao, Qiguang and Jin, Xiaogang},
  journal={IEEE Transactions on Visualization and Computer Graphics},
  year={2021},
  publisher={IEEE}
}

@article{ren2019heter,
  title={Heter-Sim: Heterogeneous multi-agent systems simulation by interactive data-driven optimization},
  author={Ren, Jiaping and Xiang, Wei and Xiao, Yangxi and Yang, Ruigang and Manocha, Dinesh and Jin, Xiaogang},
  journal={IEEE Transactions on Visualization and Computer Graphics},
  volume={27},
  number={3},
  pages={1953--1966},
  year={2019},
  publisher={IEEE}
}

@article{xiang2020fastswarm,
  title={FASTSWARM: A data-driven framework for real-time flying insect swarm simulation},
  author={Xiang, Wei and Yao, Xinran and Wang, He and Jin, Xiaogang},
  journal={Computer Animation and Virtual Worlds},
  volume={31},
  number={4-5},
  pages={e1957},
  year={2020},
  publisher={Wiley Online Library}
}

@inproceedings{suo2021trafficsim,
  title={Trafficsim: Learning to simulate realistic multi-agent behaviors},
  author={Suo, Simon and Regalado, Sebastian and Casas, Sergio and Urtasun, Raquel},
  booktitle={Proceedings of the IEEE/CVF Conference on Computer Vision and Pattern Recognition},
  pages={10400--10409},
  year={2021}
}

@inproceedings{tan2021scenegen,
  title={Scenegen: Learning to generate realistic traffic scenes},
  author={Tan, Shuhan and Wong, Kelvin and Wang, Shenlong and Manivasagam, Sivabalan and Ren, Mengye and Urtasun, Raquel},
  booktitle={Proceedings of the IEEE/CVF Conference on Computer Vision and Pattern Recognition},
  pages={892--901},
  year={2021}
}

@inproceedings{suo2023mixsim,
  title={MixSim: A Hierarchical Framework for Mixed Reality Traffic Simulation},
  author={Suo, Simon and Wong, Kelvin and Xu, Justin and Tu, James and Cui, Alexander and Casas, Sergio and Urtasun, Raquel},
  booktitle={Proceedings of the IEEE/CVF Conference on Computer Vision and Pattern Recognition},
  pages={9622--9631},
  year={2023}
}

@inproceedings{yang2023unisim,
  title={UniSim: A Neural Closed-Loop Sensor Simulator},
  author={Yang, Ze and Chen, Yun and Wang, Jingkang and Manivasagam, Sivabalan and Ma, Wei-Chiu and Yang, Anqi Joyce and Urtasun, Raquel},
  booktitle={Proceedings of the IEEE/CVF Conference on Computer Vision and Pattern Recognition},
  pages={1389--1399},
  year={2023}
}

@book{ne_mark2004dynamics,
  title={Dynamics of nonholonomic systems},
  author={Ne\_mark, Juru Isaakovich and Fufaev, Nikola\_ Alekseevich},
  volume={33},
  year={2004},
  publisher={American Mathematical Soc.}
}

@inproceedings{kanayama1991stable,
  title={A stable tracking control method for a non-holonomic mobile robot.},
  author={Kanayama, Yutaka and Kimura, Yoshihiko and Miyazaki, Fumio and Noguchi, Tetsuo},
  booktitle={IROS},
  pages={1236--1241},
  year={1991}
}

@inproceedings{d1991modelling,
  title={Modelling and control of non-holonomic wheeled mobile robots},
  author={d'Andrea-Novel, Brigitte and Bastin, Georges and Campion, Guy},
  booktitle={Proceedings. 1991 IEEE International Conference on Robotics and Automation},
  pages={1130--1131},
  year={1991},
  organization={Citeseer}
}

@inproceedings{kong2015kinematic,
  title={Kinematic and dynamic vehicle models for autonomous driving control design},
  author={Kong, Jason and Pfeiffer, Mark and Schildbach, Georg and Borrelli, Francesco},
  booktitle={2015 IEEE Intelligent Vehicles Symposium (IV)},
  pages={1094--1099},
  year={2015},
  organization={IEEE}
}

@inproceedings{polack2017kinematic,
  title={The kinematic bicycle model: A consistent model for planning feasible trajectories for autonomous vehicles?},
  author={Polack, Philip and Altch{\'e}, Florent and d'Andr{\'e}a-Novel, Brigitte and de La Fortelle, Arnaud},
  booktitle={2017 IEEE Intelligent Vehicles Symposium (IV)},
  pages={812--818},
  year={2017},
  organization={IEEE}
}

@article{freire2022optimal,
  title={Optimal Control for Kinematic Bicycle Model With Continuous-Time Safety Guarantees: A Sequential Second-Order Cone Programming Approach},
  author={Freire, Victor and Xu, Xiangru},
  journal={IEEE Robotics and Automation Letters},
  volume={7},
  number={4},
  pages={11681--11688},
  year={2022},
  publisher={IEEE}
}

@article{frenet1852courbes,
  title={Sur les courbes {\`a} double courbure},
  author={Frenet, F},
  journal={Journal de Math{\'e}matiques Pures et Appliqu{\'e}es},
  volume={17},
  pages={437--447},
  year={1852}
}

@article{serret1851quelques,
  title={Sur quelques formules relatives {\`a} la th{\'e}orie des courbes {\`a} double courbure},
  author={Serret, J-A},
  journal={Journal de Math{\'e}matiques Pures et Appliqu{\'e}es},
  volume={16},
  pages={193--207},
  year={1851}
}

@inproceedings{werling2010optimal,
  title={Optimal trajectory generation for dynamic street scenarios in a frenet frame},
  author={Werling, Moritz and Ziegler, Julius and Kammel, S{\"o}ren and Thrun, Sebastian},
  booktitle={2010 IEEE International Conference on Robotics and Automation},
  pages={987--993},
  year={2010},
  organization={IEEE}
}

@inproceedings{yoshihara2017autonomous,
  title={Autonomous predictive driving for blind intersections},
  author={Yoshihara, Yuki and Morales, Yoichi and Akai, Naoki and Takeuchi, Eijiro and Ninomiya, Yoshiki},
  booktitle={2017 IEEE/RSJ International Conference on Intelligent Robots and Systems (IROS)},
  pages={3452--3459},
  year={2017},
  organization={IEEE}
}

@article{zhu2020trajectory,
  title={Trajectory planning of autonomous vehicles based on parameterized control optimization in dynamic on-road environments},
  author={Zhu, Sheng and Aksun-Guvenc, Bilin},
  journal={Journal of Intelligent \& Robotic Systems},
  volume={100},
  pages={1055--1067},
  year={2020},
  publisher={Springer}
}

@article{lee2011smooth,
  title={Smooth coverage path planning and control of mobile robots based on high-resolution grid map representation},
  author={Lee, Tae-Kyeong and Baek, Sang-Hoon and Choi, Young-Ho and Oh, Se-Young},
  journal={Robotics and Autonomous Systems},
  volume={59},
  number={10},
  pages={801--812},
  year={2011},
  publisher={Elsevier}
}

@inproceedings{lee2013hierarchical,
  title={A hierarchical path planning of cleaning robot based on grid map},
  author={Lee, Hyoung-Ki and Jeong, WooYeon and Lee, Sujin and Won, Jonghwa},
  booktitle={2013 IEEE International Conference on Consumer Electronics (ICCE)},
  pages={76--77},
  year={2013},
  organization={IEEE}
}

@article{sakuma2005psychological,
  title={Psychological model for animating crowded pedestrians},
  author={Sakuma, Takeshi and Mukai, Tomohiko and Kuriyama, Shigeru},
  journal={Computer Animation and Virtual Worlds},
  volume={16},
  number={3-4},
  pages={343--351},
  year={2005},
  publisher={Wiley Online Library}
}

@article{patil2010directing,
  title={Directing crowd simulations using navigation fields},
  author={Patil, Sachin and Van Den Berg, Jur and Curtis, Sean and Lin, Ming C and Manocha, Dinesh},
  journal={IEEE Transactions on Visualization and Computer Graphics},
  volume={17},
  number={2},
  pages={244--254},
  year={2010},
  publisher={IEEE}
}

@article{lamarche2004crowd,
  title={Crowd of virtual humans: a new approach for real time navigation in complex and structured environments},
  author={Lamarche, Fabrice and Donikian, St{\'e}phane},
  journal={Computer Graphics Forum},
  volume={23},
  number={3},
  pages={509--518},
  year={2004},
  organization={Wiley Online Library}
}

@inproceedings{kallmann2005path,
  title={Path planning in triangulations},
  author={Kallmann, Marcelo},
  booktitle={Proceedings of the IJCAI Workshop on Reasoning, Representation, and Learning in Computer Games},
  pages={49--54},
  year={2005}
}

@book{choset1996sensor,
  title={Sensor based motion planning: The hierarchical generalized Voronoi graph},
  author={Choset, Howie},
  year={1996},
  publisher={California Institute of Technology}
}

@inproceedings{sud2007surface,
  title={Surface distance maps},
  author={Sud, Avneesh and Govindaraju, Naga and Gayle, Russell and Andersen, Erik and Manocha, Dinesh},
  booktitle={Proceedings of Graphics Interface 2007},
  pages={35--42},
  year={2007}
}

@article{sud2008real,
  title={Real-time path planning in dynamic virtual environments using multiagent navigation graphs},
  author={Sud, Avneesh and Andersen, Erik and Curtis, Sean and Lin, Ming C and Manocha, Dinesh},
  journal={IEEE Transactions on Visualization and Computer Graphics},
  volume={14},
  number={3},
  pages={526--538},
  year={2008},
  publisher={IEEE}
}

@inproceedings{breitenmoser2012surface,
  title={Surface reconstruction and path planning for industrial inspection with a climbing robot},
  author={Breitenmoser, Andreas and Siegwart, Roland},
  booktitle={2012 2nd International Conference on Applied Robotics for the Power Industry (CARPI)},
  pages={22--27},
  year={2012},
  organization={IEEE}
}

@inproceedings{chen2015safe,
  title={Safe sequential path planning of multi-vehicle systems via double-obstacle Hamilton-Jacobi-Isaacs variational inequality},
  author={Chen, Mo and Fisac, Jaime F and Sastry, Shankar and Tomlin, Claire J},
  booktitle={2015 European Control Conference (ECC)},
  pages={3304--3309},
  year={2015},
  organization={IEEE}
}

@incollection{dijkstra1959note,
  title={A note on two problems in connexion with graphs},
  author={Dijkstra, Edsger W},
  booktitle={Edsger Wybe Dijkstra: His Life, Work, and Legacy},
  pages={287--290},
  year={1959}
}

@article{hart1968formal,
  title={A formal basis for the heuristic determination of minimum cost paths},
  author={Hart, Peter E and Nilsson, Nils J and Raphael, Bertram},
  journal={IEEE Transactions on Systems Science and Cybernetics},
  volume={4},
  number={2},
  pages={100--107},
  year={1968},
  publisher={IEEE}
}

@inproceedings{stentz1994optimal,
  title={Optimal and efficient path planning for partially-known environments},
  author={Stentz, Anthony},
  booktitle={Proceedings of the 1994 IEEE International Conference on Robotics and Automation},
  pages={3310--3317},
  year={1994},
  organization={IEEE}
}

@article{ferguson2006using,
  title={Using interpolation to improve path planning: The Field D* algorithm},
  author={Ferguson, Dave and Stentz, Anthony},
  journal={Journal of Field Robotics},
  volume={23},
  number={2},
  pages={79--101},
  year={2006},
  publisher={Wiley Online Library}
}

@article{daniel2010theta,
  title={Theta*: Any-angle path planning on grids},
  author={Daniel, Kenny and Nash, Alex and Koenig, Sven and Felner, Ariel},
  journal={Journal of Artificial Intelligence Research},
  volume={39},
  pages={533--579},
  year={2010}
}

@article{xiao2014improved,
  title={Improved Theta*, Improved any-angle path planning on girds},
  author={Xiao, K and Gao, C and Hu, X and Pan, HW},
  journal={Journal of Computer Information System},
  volume={10},
  pages={8881--8890},
  year={2014}
}

@article{dolgov2008practical,
  title={Practical search techniques in path planning for autonomous driving},
  author={Dolgov, Dmitri and Thrun, Sebastian and Montemerlo, Michael and Diebel, James},
  journal={Ann Arbor},
  volume={1001},
  number={48105},
  pages={18--80},
  year={2008}
}

@inproceedings{sedighi2019guided,
  title={Guided hybrid A-star path planning algorithm for valet parking applications},
  author={Sedighi, Saeid and Nguyen, Duong-Van and Kuhnert, Klaus-Dieter},
  booktitle={2019 5th International Conference on Control, Automation and Robotics (ICCAR)},
  pages={570--575},
  year={2019},
  organization={IEEE}
}

@article{dang2022improved,
  title={Improved Analytic Expansions in Hybrid A-Star Path Planning for Non-Holonomic Robots},
  author={Dang, Chien Van and Ahn, Heungju and Lee, Doo Seok and Lee, Sang C},
  journal={Applied Sciences},
  volume={12},
  number={12},
  pages={5999},
  year={2022},
  publisher={MDPI}
}

@inproceedings{ruhl2015interactive,
  title={Interactive scene flow editing for improved image-based rendering and virtual spacetime navigation},
  author={Ruhl, Kai and Eisemann, Martin and Hilsmann, Anna and Eisert, Peter and Magnor, Marcus},
  booktitle={Proceedings of the 23rd ACM International Conference on Multimedia},
  pages={631--640},
  year={2015}
}

@inproceedings{dai2021edit,
  title={Edit Like A Designer: Modeling Design Workflows for Unaligned Fashion Editing},
  author={Dai, Qiyu and Yang, Shuai and Wang, Wenjing and Xiang, Wei and Liu, Jiaying},
  booktitle={Proceedings of the 29th ACM International Conference on Multimedia},
  pages={3492--3500},
  year={2021}
}

@inproceedings{huang2022caripainter,
  title={CariPainter: Sketch Guided Interactive Caricature Generation},
  author={Huang, Xin and Liang, Dong and Cai, Hongrui and Zhang, Juyong and Jia, Jinyuan},
  booktitle={Proceedings of the 30th ACM International Conference on Multimedia},
  pages={1232--1240},
  year={2022}
}

@inproceedings{zhang2021mageadd,
  title={Mageadd: real-time interaction simulation for scene synthesis},
  author={Zhang, Shao-Kui and Li, Yi-Xiao and He, Yu and Yang, Yong-Liang and Zhang, Song-Hai},
  booktitle={Proceedings of the 29th ACM International Conference on Multimedia},
  pages={965--973},
  year={2021}
}

@article{kim2014interactive,
  title={Interactive manipulation of large-scale crowd animation},
  author={Kim, Jongmin and Seol, Yeongho and Kwon, Taesoo and Lee, Jehee},
  journal={ACM Transactions on Graphics (TOG)},
  volume={33},
  number={4},
  pages={1--10},
  year={2014},
  publisher={ACM New York, NY, USA}
}

@article{zhang2020crowd,
  title={Crowd motion editing based on mesh deformation},
  author={Zhang, Yong and Zhang, Xinyu and Zhang, Tao and Yin, Baocai},
  journal={International Journal of Digital Multimedia Broadcasting},
  volume={2020},
  pages={1--13},
  year={2020},
  publisher={Hindawi Limited}
}

@inproceedings{montana2017sketching,
  title={Sketching for real-time control of crowd simulations},
  author={Montana, Luis Rene and Maddock, Steve},
  booktitle={Proc. Conference on Computer Graphics \& Visual Computing},
  pages={81--88},
  year={2017}
}

@article{mcnamara2004fluid,
  title={Fluid control using the adjoint method},
  author={McNamara, Antoine and Treuille, Adrien and Popovi{\'c}, Zoran and Stam, Jos},
  journal={ACM Transactions on Graphics (TOG)},
  volume={23},
  number={3},
  pages={449--456},
  year={2004},
  publisher={ACM New York, NY, USA}
}

@inproceedings{wojtan2006keyframe,
  title={Keyframe control of complex particle systems using the adjoint method},
  author={Wojtan, Chris and Mucha, Peter J and Turk, Greg},
  booktitle={Proceedings of the 2006 ACM SIGGRAPH/Eurographics Symposium on Computer Animation},
  pages={15--23},
  year={2006}
}

@article{li2013interactive,
  title={Interactive elastic motion editing through space--time position constraints},
  author={Li, Siwang and Huang, Jin and Desbrun, Mathieu and Jin, Xiaogang},
  journal={Computer Animation and Virtual Worlds},
  volume={24},
  number={3-4},
  pages={409--417},
  year={2013},
  publisher={Wiley Online Library}
}


@inproceedings{van2007kinodynamic,
  title={Kinodynamic motion planning on roadmaps in dynamic environments},
  author={Van Den Berg, Jur and Overmars, Mark},
  booktitle={2007 IEEE/RSJ International Conference on Intelligent Robots and Systems},
  pages={4253--4258},
  year={2007},
  organization={IEEE}
}

@article{harvey2020robust,
  title={Robust motion in-betweening},
  author={Harvey, F{\'e}lix G and Yurick, Mike and Nowrouzezahrai, Derek and Pal, Christopher},
  journal={ACM Transactions on Graphics (TOG)},
  volume={39},
  number={4},
  pages={60--1},
  year={2020},
  publisher={ACM New York, NY, USA}
}

@article{tang2022real,
  title={Real-time controllable motion transition for characters},
  author={Tang, Xiangjun and Wang, He and Hu, Bo and Gong, Xu and Yi, Ruifan and Kou, Qilong and Jin, Xiaogang},
  journal={ACM Transactions on Graphics (TOG)},
  volume={41},
  number={4},
  pages={1--10},
  year={2022},
  publisher={ACM New York, NY, USA}
}

@article{wang2019learning,
  title={Learning an intrinsic garment space for interactive authoring of garment animation},
  author={Wang, Tuanfeng Y and Shao, Tianjia and Fu, Kai and Mitra, Niloy J},
  journal={ACM Transactions on Graphics (TOG)},
  volume={38},
  number={6},
  pages={1--12},
  year={2019},
  publisher={ACM New York, NY, USA}
}

@article{li2012automated,
  title={Automated identification and extraction of horizontal curve information from geographic information system roadway maps},
  author={Li, Zhixia and Chitturi, Madhav V and Bill, Andrea R and Noyce, David A},
  journal={Transportation Research Record},
  volume={2291},
  number={1},
  pages={80--92},
  year={2012},
  publisher={SAGE Publications Sage CA: Los Angeles, CA}
}

@article{gamez2017dynamic,
  title={Dynamic speed adaptation for path tracking based on curvature information and speed limits},
  author={G{\'a}mez Serna, Citlalli and Ruichek, Yassine},
  journal={Sensors},
  volume={17},
  number={6},
  pages={1383},
  year={2017},
  publisher={Multidisciplinary Digital Publishing Institute}
}


@article{alexiadis2004next,
  title={The next generation simulation program},
  author={Alexiadis, Vassili and Colyar, James and Halkias, John and Hranac, Rob and McHale, Gene},
  journal={Institute of Transportation Engineers. ITE Journal},
  volume={74},
  number={8},
  pages={22},
  year={2004},
  publisher={Institute of Transportation Engineers}
}

@incollection{hart1988development,
  title={Development of NASA-TLX (Task Load Index): Results of empirical and theoretical research},
  author={Hart, Sandra G and Staveland, Lowell E},
  booktitle={Advances in Psychology},
  volume={52},
  pages={139--183},
  year={1988},
  publisher={Elsevier}
}

@inproceedings{hart2006nasa,
  title={NASA-task load index (NASA-TLX); 20 years later},
  author={Hart, Sandra G},
  booktitle={Proceedings of the Human Factors and Ergonomics Society Annual Meeting},
  volume={50},
  number={9},
  pages={904--908},
  year={2006},
  organization={Sage publications Sage CA: Los Angeles, CA}
}

@article{han2022traedits,
  title={TraEDITS: Diversity and Irregularity-Aware Traffic Trajectory Editing},
  author={Han, Yi and Ren, Jiaping and Wang, Shuning and Sun, Wenxin and Yang, Ruigang and Jin, Xiaogang},
  journal={IEEE Robotics and Automation Letters},
  year={2022},
  publisher={IEEE}
}

@article{han2021simplified,
  title={A simplified force model for mixed traffic simulation},
  author={Han, Yi and Chao, Qianwen and Jin, Xiaogang},
  journal={Computer Animation and Virtual Worlds},
  volume={32},
  number={1},
  pages={e1974},
  year={2021},
  publisher={Wiley Online Library}
}

@article{kingma2014adam,
  title={Adam: A method for stochastic optimization},
  author={Kingma, Diederik P and Ba, Jimmy},
  journal={arXiv preprint arXiv:1412.6980}  ,
  year={2014}
}

@inproceedings{rempe2022generating,
  title={Generating useful accident-prone driving scenarios via a learned traffic prior},
  author={Rempe, Davis and Philion, Jonah and Guibas, Leonidas J and Fidler, Sanja and Litany, Or},
  booktitle={Proceedings of the IEEE/CVF Conference on Computer Vision and Pattern Recognition},
  pages={17305--17315},
  year={2022}
}

@article{van2015genealogy,
  title={Genealogy of traffic flow models},
  author={van Wageningen-Kessels, Femke and Van Lint, Hans and Vuik, Kees and Hoogendoorn, Serge},
  journal={EURO Journal on Transportation and Logistics},
  volume={4},
  number={4},
  pages={445--473},
  year={2015},
  publisher={Elsevier}
}

@misc{apollosim,
  title={Apollo Simulation},
  howpublished={\url{http://apollo.auto/platform/simulation.html}},
  year={2018}
}

@article{fiorini1998motion,
  title={Motion planning in dynamic environments using velocity obstacles},
  author={Fiorini, Paolo and Shiller, Zvi},
  journal={The International Journal of Robotics Research},
  volume={17},
  number={7},
  pages={760--772},
  year={1998},
  publisher={Sage Publications Sage CA: Thousand Oaks, CA}
}

@inproceedings{van2008reciprocal,
  title={Reciprocal velocity obstacles for real-time multi-agent navigation},
  author={Van den Berg, Jur and Lin, Ming and Manocha, Dinesh},
  booktitle={2008 IEEE International Conference on Robotics and Automation},
  pages={1928--1935},
  year={2008},
  organization={IEEE}
}

@inproceedings{van2011reciprocal,
  title={Reciprocal n-body collision avoidance},
  author={Van Den Berg, Jur and Guy, Stephen J and Lin, Ming and Manocha, Dinesh},
  booktitle={Robotics Research: The 14th International Symposium ISRR},
  pages={3--19},
  year={2011},
  organization={Springer}
}

@inproceedings{ma2018efficient,
  title={Efficient Reciprocal Collision Avoidance between Heterogeneous Agents Using CTMAT},
  author={Ma, Yuexin and Manocha, Dinesh and Wang, Wenping},
  booktitle={Proceedings of the 17th International Conference on Autonomous Agents and MultiAgent Systems},
  pages={1044--1052},
  year={2018}
}

@article{luo2022gamma,
  title={GAMMA: A general agent motion model for autonomous driving},
  author={Luo, Yuanfu and Cai, Panpan and Lee, Yiyuan and Hsu, David},
  journal={IEEE Robotics and Automation Letters},
  volume={7},
  number={2},
  pages={3499--3506},
  year={2022},
  publisher={IEEE}
}

@article {han2022spatiotemporal,
  journal = {Computer Graphics Forum},
  title = {Spatio-temporal Keyframe Control of Traffic Simulation using Coarse-to-Fine Optimization},
  author = {Han, Yi and Wang, He and Jin, Xiaogang},
  year = {2022},
  publisher = {The Eurographics Association and John Wiley & Sons Ltd.},
  ISSN = {1467-8659},
  DOI = {10.1111/cgf.14699          }
}

@article{reeds1990optimal,
  title={Optimal paths for a car that goes both forwards and backwards},
  author={Reeds, James and Shepp, Lawrence},
  journal={Pacific Journal of Mathematics},
  volume={145},
  number={2},
  pages={367--393},
  year={1990},
  publisher={Mathematical Sciences Publishers}
}

@article{laumond2005guidelines,
  title={Guidelines in nonholonomic motion planning for mobile robots},
  author={Laumond, Jean-Paul and Sekhavat, Sepanta and Lamiraux, Florent},
  journal={Robot Motion Planning and Control},
  pages={1--53},
  year={2005},
  publisher={Springer}
}

@article{helbing1995social,
  title={Social force model for pedestrian dynamics},
  author={Helbing, Dirk and Molnar, Peter},
  journal={Physical Review E},
  volume={51},
  number={5},
  pages={4282},
  year={1995},
  publisher={APS}
}

@article{zanlungo2011social,
  title={Social force model with explicit collision prediction},
  author={Zanlungo, Francesco and Ikeda, Tetsushi and Kanda, Takayuki},
  journal={Europhysics Letters},
  volume={93},
  number={6},
  pages={68005},
  year={2011},
  publisher={IOP Publishing}
}

@article{yang2014guided,
  title={Guided crowd dynamics via modified social force model},
  author={Yang, Xiaoxia and Dong, Hairong and Wang, Qianling and Chen, Yao and Hu, Xiaoming},
  journal={Physica A: Statistical Mechanics and its Applications},
  volume={411},
  pages={63--73},
  year={2014},
  publisher={Elsevier}
}

@inproceedings{reynolds1987flocks,
  title={Flocks, herds and schools: A distributed behavioral model},
  author={Reynolds, Craig W},
  booktitle={Proceedings of the 14th Annual Conference on Computer Graphics and Interactive Techniques},
  pages={25--34},
  year={1987}
}

@inproceedings{reynolds1999steering,
  title={Steering behaviors for autonomous characters},
  author={Reynolds, Craig W and others},
  booktitle={Game Developers Conference},
  volume={1999},
  pages={763--782},
  year={1999},
  organization={Citeseer}
}

@article{kreiss2021deep,
  title={Deep social force},
  author={Kreiss, Sven},
  journal={arXiv preprint arXiv:2109.12081        },
  year={2021}
}

@article{li2019simulation,
  title={Simulation of evacuating crowd based on deep learning and social force model},
  author={Li, Xin and Liang, Yanchun and Zhao, Minghao and Wang, Chong and Bai, Hongtao and Jiang, Yu},
  journal={IEEE Access},
  volume={7},
  pages={155361--155371},
  year={2019},
  publisher={IEEE}
}

@article{hadwiger1950minkowskische,
  title={Minkowskische addition und subtraktion beliebiger punktmengen und die theoreme von Erhard Schmidt},
  author={Hadwiger, Hugo},
  journal={Mathematische Zeitschrift},
  volume={53},
  number={3},
  pages={210--218},
  year={1950},
  publisher={Springer}
}

@inproceedings{yue2022human,
  title={Human trajectory prediction via neural social physics},
  author={Yue, Jiangbei and Manocha, Dinesh and Wang, He},
  booktitle={European Conference on Computer Vision},
  pages={376--394},
  year={2022},
  organization={Springer}
}

@article{wang2017survey,
  title={三维汽车群组动画仿真研究综述},
  author={王华 and 徐明亮 and 毛天露 and 金小刚 and 王兆其},
  journal={计算机辅助设计与图形学学报},
  volume={29},
  number={2},
  pages={211--220},
  year={2017}
}

@article{xu2011navier,
  title={Navier-Stokes 方程组驱动的虚拟人群},
  author={许佳奕 and 万贤美 and 申晶晶 and 金小刚},
  journal={计算机辅助设计与图形学学报},
  volume={23},
  number={1},
  pages={117--122},
  year={2011}
}

@article{shen2014large,
  title={基于样本的大规模人群快速创作},
  author={申晶晶 and 王欣捷 and 粆倩文 and 金小刚},
  journal={计算机学报},
  volume={37},
  number={3},
  pages={621--631},
  year={2014}
}

@article{zhao2018signal,
  title={三维城市交通微观仿真与信号优化方法},
  author={赵新灿 and 高光},
  journal={计算机辅助设计与图形学学报},
  volume={30},
  number={4},
  pages={626--633},
  year={2018}
}

@article{pang2015school,
  title={基于 CA 模型的中小学放学门口道路交通仿真},
  author={庞明宝 and 陈静 and 杨敏},
  journal={系统仿真学报},
  volume={27},
  number={5},
  pages={927},
  year={2015}
}

@article{ma2021detected,
  title={检测数据驱动的交通仿真参数标定方法研究},
  author={马文欣 and 李瑞敏},
  journal={系统仿真学报},
  volume={33},
  number={12},
  pages={2808},
  year={2021}
}

@article{xu2018weighted,
  title={权重融合深度图像与骨骼关键帧的行为识别},
  author={许艳 and 侯振杰 and 梁久祯 and 陈宸 and 贾靓 and 宋毅},
  journal={计算机辅助设计与图形学学报},
  volume={30},
  number={7},
  pages={1313--1320},
  year={2018}
}

@article{li2021force,
  title={一种应用于人群仿真的改进社会力模型},
  author={李昌华 and 杨晶 and 李智杰},
  journal={系统仿真学报},
  volume={33},
  number={3},
  pages={521},
  year={2021}
}


@article{brockmann2006scaling,
  title={The scaling laws of human travel},
  author={Brockmann, Dirk and Hufnagel, Lars and Geisel, Theo},
  journal={Nature},
  volume={439},
  number={7075},
  pages={462--465},
  year={2006},
  publisher={Nature Publishing Group UK London}
}

@article{barabasi1999emergence,
  title={Emergence of scaling in random networks},
  author={Barab{\'a}si, Albert-L{\'a}szl{\'o} and Albert, R{\'e}ka},
  journal={Science},
  volume={286},
  number={5439},
  pages={509--512},
  year={1999},
  publisher={American Association for the Advancement of Science}
}

@article{dianhai2001traffic,
  title={对交通流理论的再认识},
  author={王殿海 and 曲昭伟 and others},
  journal={交通运输工程学报},
  volume={1},
  number={4},
  pages={55--59},
  year={2001}
}

@inproceedings{chen2008interactive,
  title={Interactive procedural street modeling},
  author={Chen, Guoning and Esch, Gregory and Wonka, Peter and M{\"u}ller, Pascal and Zhang, Eugene},
  booktitle={Proceedings of the 2008 ACM SIGGRAPH},
  pages={1--10},
  year={2008}
}

@article{bruneton2008real,
  title={Real-time rendering and editing of vector-based terrains},
  author={Bruneton, Eric and Neyret, Fabrice},
  journal={Computer Graphics Forum},
  volume={27},
  number={2},
  pages={311--320},
  year={2008},
  organization={Wiley Online Library}
}

@article{galin2010procedural,
  title={Procedural generation of roads},
  author={Galin, Eric and Peytavie, Adrien and Mar{\'e}chal, Nicolas and Gu{\'e}rin, Eric},
  journal={Computer Graphics Forum},
  volume={29},
  number={2},
  pages={429--438},
  year={2010},
  organization={Wiley Online Library}
}

@article{galin2011authoring,
  title={Authoring hierarchical road networks},
  author={Galin, Eric and Peytavie, Adrien and Gu{\'e}rin, Eric and Bene{\v{s}}, Bed{\v{r}}ich},
  journal={Computer Graphics Forum},
  volume={30},
  number={7},
  pages={2021--2030},
  year={2011},
  organization={Wiley Online Library}
}

@article{hu2023ir,
  title={IR Design for Application-Specific Natural Language: A Case Study on Traffic Data},
  author={Hu, Wei and Wang, Xuhong and Wang, Ding and Yao, Shengyue and Mao, Zuqiu and Li, Li and Wang, Fei-Yue and Lin, Yilun},
  journal={arXiv preprint arXiv:2307.06983},
  year={2023}
}

@article{tecchia2002image,
  title={Image-based crowd rendering},
  author={Tecchia, Franco and Loscos, C{\'e}line and Chrysanthou, Yiorgos},
  journal={IEEE Computer Graphics and Applications},
  volume={22},
  number={2},
  pages={36--43},
  year={2002},
  publisher={IEEE}
}

@article{o2002levels,
  title={Levels of detail for crowds and groups},
  author={O'Sullivan, Carol and Cassell, Justine and Vilhjalmsson, Hannes and Dingliana, John and Dobbyn, Simon and Mcnamee, Brian and Peters, Christopher and Giang, Thanh},
  journal={Computer Graphics Forum},
  volume={21},
  number={4},
  pages={733--741},
  year={2002},
  organization={Wiley Online Library}
}

@article{wang2023interpretable,
  title={Interpretable Motion Planner for Urban Driving via Hierarchical Imitation Learning},
  author={Wang, Bikun and Wang, Zhipeng and Zhu, Chenhao and Zhang, Zhiqiang and Wang, Zhichen and Lin, Penghong and Liu, Jingchu and Zhang, Qian},
  journal={arXiv preprint arXiv:2303.13986},
  year={2023}
}

@article{heppner1990stochastic,
  title={A stochastic nonlinear model for coordinated bird flocks},
  author={Heppner, Frank},
  journal={The Ubiquity of Chaos},
  year={1990},
  publisher={AAAS publications},
  volume={1},
  number={1},
  pages={1--10},
}

@article{ren2018stable,
  title={Stable information transfer network facilitates the emergence of collective behavior of bird flocks},
  author={Ren, Jiaping and Sun, Wanxuan and Manocha, Dinesh and Li, Aming and Jin, Xiaogang},
  journal={Physical Review E},
  volume={98},
  number={5},
  pages={052309},
  year={2018},
  publisher={APS}
}

@inproceedings{tu1994artificial,
  title={Artificial fishes: Physics, locomotion, perception, behavior},
  author={Tu, Xiaoyuan and Terzopoulos, Demetri},
  booktitle={Proceedings of the 21st Annual Conference on Computer Graphics and Interactive Techniques},
  pages={43--50},
  year={1994}
}

@article{tu1994perceptual,
  title={Perceptual modeling for the behavioral animation of fishes},
  author={Tu, Xiaoyuan and Terzopoulos, Demetri},
  journal={Fundamentals of Computer Graphics},
  pages={185--200},
  year={1994},
  publisher={World Scientific}
}

@article{xiang2019biologically,
  title={Biologically inspired ant colony simulation},
  author={Xiang, Wei and Ren, Jiaping and Wang, Kuan and Deng, Zhigang and Jin, Xiaogang},
  journal={Computer Animation and Virtual Worlds},
  volume={30},
  number={5},
  pages={e1867},
  year={2019},
  publisher={Wiley Online Library}
}

@article{ishiwaka2021foids,
  title={Foids: bio-inspired fish simulation for generating synthetic datasets},
  author={Ishiwaka, Yuko and Zeng, Xiao S and Eastman, Michael Lee and Kakazu, Sho and Gross, Sarah and Mizutani, Ryosuke and Nakada, Masaki},
  journal={ACM Transactions on Graphics (TOG)},
  volume={40},
  number={6},
  pages={1--15},
  year={2021},
  publisher={ACM New York, NY, USA}
}

@article{ishiwaka2022deepfoids,
  title={DeepFoids: Adaptive Bio-Inspired Fish Simulation with Deep Reinforcement Learning},
  author={Ishiwaka, Yuko and Zeng, Xiao S and Ogawa, Shun and Westwater, Donovan Michael and Tone, Tadayuki and Nakada, Masaki},
  journal={Advances in Neural Information Processing Systems},
  volume={35},
  pages={18377--18389},
  year={2022}
}

@article{chen2022practical,
  title={A Practical Model for Realistic Butterfly Flight Simulation},
  author={Chen, Qiang and Lu, Tingsong and Tong, Yang and Luo, Guoliang and Jin, Xiaogang and Deng, Zhigang},
  journal={ACM Transactions on Graphics (TOG)},
  volume={41},
  number={3},
  pages={1--12},
  year={2022},
  publisher={ACM New York, NY}
}

@article{xu2020emotion,
  title={Emotion-based crowd simulation model based on physical strength consumption for emergency scenarios},
  author={Xu, Mingliang and Li, Chaochao and Lv, Pei and Chen, Wei and Deng, Zhigang and Zhou, Bing and Manocha, Dinesh},
  journal={IEEE Transactions on Intelligent Transportation Systems},
  volume={22},
  number={11},
  pages={6977--6991},
  year={2020},
  publisher={IEEE}
}

@article{li2019aads,
  title={AADS: Augmented autonomous driving simulation using data-driven algorithms},
  author={Li, Wei and Pan, CW and Zhang, Rong and Ren, JP and Ma, YX and Fang, Jin and Yan, FL and Geng, QC and Huang, XY and Gong, HJ and others},
  journal={Science Robotics},
  volume={4},
  number={28},
  pages={eaaw0863},
  year={2019},
  publisher={American Association for the Advancement of Science}
}


